%YAML 1.1
%TAG !u! tag:unity3d.com,2011:
--- !u!29 &1
OcclusionCullingSettings:
  m_ObjectHideFlags: 0
  serializedVersion: 2
  m_OcclusionBakeSettings:
    smallestOccluder: 5
    smallestHole: 0.25
    backfaceThreshold: 100
  m_SceneGUID: 00000000000000000000000000000000
  m_OcclusionCullingData: {fileID: 0}
--- !u!104 &2
RenderSettings:
  m_ObjectHideFlags: 0
  serializedVersion: 8
  m_Fog: 0
  m_FogColor: {r: 0.5, g: 0.5, b: 0.5, a: 1}
  m_FogMode: 3
  m_FogDensity: 0.01
  m_LinearFogStart: 0
  m_LinearFogEnd: 300
  m_AmbientSkyColor: {r: 0.212, g: 0.227, b: 0.259, a: 1}
  m_AmbientEquatorColor: {r: 0.114, g: 0.125, b: 0.133, a: 1}
  m_AmbientGroundColor: {r: 0.047, g: 0.043, b: 0.035, a: 1}
  m_AmbientIntensity: 1
  m_AmbientMode: 3
  m_SubtractiveShadowColor: {r: 0.42, g: 0.478, b: 0.627, a: 1}
  m_SkyboxMaterial: {fileID: 0}
  m_HaloStrength: 0.5
  m_FlareStrength: 1
  m_FlareFadeSpeed: 3
  m_HaloTexture: {fileID: 0}
  m_SpotCookie: {fileID: 10001, guid: 0000000000000000e000000000000000, type: 0}
  m_DefaultReflectionMode: 0
  m_DefaultReflectionResolution: 128
  m_ReflectionBounces: 1
  m_ReflectionIntensity: 1
  m_CustomReflection: {fileID: 0}
  m_Sun: {fileID: 0}
  m_IndirectSpecularColor: {r: 0, g: 0, b: 0, a: 1}
--- !u!157 &3
LightmapSettings:
  m_ObjectHideFlags: 0
  serializedVersion: 11
  m_GIWorkflowMode: 1
  m_GISettings:
    serializedVersion: 2
    m_BounceScale: 1
    m_IndirectOutputScale: 1
    m_AlbedoBoost: 1
    m_TemporalCoherenceThreshold: 1
    m_EnvironmentLightingMode: 0
    m_EnableBakedLightmaps: 0
    m_EnableRealtimeLightmaps: 0
  m_LightmapEditorSettings:
    serializedVersion: 9
    m_Resolution: 2
    m_BakeResolution: 40
    m_TextureWidth: 1024
    m_TextureHeight: 1024
    m_AO: 0
    m_AOMaxDistance: 1
    m_CompAOExponent: 1
    m_CompAOExponentDirect: 0
    m_Padding: 2
    m_LightmapParameters: {fileID: 0}
    m_LightmapsBakeMode: 1
    m_TextureCompression: 1
    m_FinalGather: 0
    m_FinalGatherFiltering: 1
    m_FinalGatherRayCount: 256
    m_ReflectionCompression: 2
    m_MixedBakeMode: 2
    m_BakeBackend: 0
    m_PVRSampling: 1
    m_PVRDirectSampleCount: 32
    m_PVRSampleCount: 500
    m_PVRBounces: 2
    m_PVRFilterTypeDirect: 0
    m_PVRFilterTypeIndirect: 0
    m_PVRFilterTypeAO: 0
    m_PVRFilteringMode: 1
    m_PVRCulling: 1
    m_PVRFilteringGaussRadiusDirect: 1
    m_PVRFilteringGaussRadiusIndirect: 5
    m_PVRFilteringGaussRadiusAO: 2
    m_PVRFilteringAtrousPositionSigmaDirect: 0.5
    m_PVRFilteringAtrousPositionSigmaIndirect: 2
    m_PVRFilteringAtrousPositionSigmaAO: 1
    m_ShowResolutionOverlay: 1
  m_LightingDataAsset: {fileID: 0}
  m_UseShadowmask: 1
--- !u!196 &4
NavMeshSettings:
  serializedVersion: 2
  m_ObjectHideFlags: 0
  m_BuildSettings:
    serializedVersion: 2
    agentTypeID: 0
    agentRadius: 0.5
    agentHeight: 2
    agentSlope: 45
    agentClimb: 0.4
    ledgeDropHeight: 0
    maxJumpAcrossDistance: 0
    minRegionArea: 2
    manualCellSize: 0
    cellSize: 0.16666667
    manualTileSize: 0
    tileSize: 256
    accuratePlacement: 0
    debug:
      m_Flags: 0
  m_NavMeshData: {fileID: 0}
--- !u!1001 &635885966
Prefab:
  m_ObjectHideFlags: 0
  serializedVersion: 2
  m_Modification:
    m_TransformParent: {fileID: 0}
    m_Modifications:
    - target: {fileID: 224380010872583108, guid: 94701979ed9a4344188240b035a36925,
        type: 2}
      propertyPath: m_LocalPosition.x
      value: 0
      objectReference: {fileID: 0}
    - target: {fileID: 224380010872583108, guid: 94701979ed9a4344188240b035a36925,
        type: 2}
      propertyPath: m_LocalPosition.y
      value: 0
      objectReference: {fileID: 0}
    - target: {fileID: 224380010872583108, guid: 94701979ed9a4344188240b035a36925,
        type: 2}
      propertyPath: m_LocalPosition.z
      value: 0
      objectReference: {fileID: 0}
    - target: {fileID: 224380010872583108, guid: 94701979ed9a4344188240b035a36925,
        type: 2}
      propertyPath: m_LocalRotation.x
      value: 0
      objectReference: {fileID: 0}
    - target: {fileID: 224380010872583108, guid: 94701979ed9a4344188240b035a36925,
        type: 2}
      propertyPath: m_LocalRotation.y
      value: 0
      objectReference: {fileID: 0}
    - target: {fileID: 224380010872583108, guid: 94701979ed9a4344188240b035a36925,
        type: 2}
      propertyPath: m_LocalRotation.z
      value: 0
      objectReference: {fileID: 0}
    - target: {fileID: 224380010872583108, guid: 94701979ed9a4344188240b035a36925,
        type: 2}
      propertyPath: m_LocalRotation.w
      value: 1
      objectReference: {fileID: 0}
    - target: {fileID: 224380010872583108, guid: 94701979ed9a4344188240b035a36925,
        type: 2}
      propertyPath: m_RootOrder
      value: 0
      objectReference: {fileID: 0}
    - target: {fileID: 224380010872583108, guid: 94701979ed9a4344188240b035a36925,
        type: 2}
      propertyPath: m_AnchoredPosition.x
      value: 0
      objectReference: {fileID: 0}
    - target: {fileID: 224380010872583108, guid: 94701979ed9a4344188240b035a36925,
        type: 2}
      propertyPath: m_AnchoredPosition.y
      value: 0
      objectReference: {fileID: 0}
    - target: {fileID: 224380010872583108, guid: 94701979ed9a4344188240b035a36925,
        type: 2}
      propertyPath: m_SizeDelta.x
      value: 0
      objectReference: {fileID: 0}
    - target: {fileID: 224380010872583108, guid: 94701979ed9a4344188240b035a36925,
        type: 2}
      propertyPath: m_SizeDelta.y
      value: 0
      objectReference: {fileID: 0}
    - target: {fileID: 224380010872583108, guid: 94701979ed9a4344188240b035a36925,
        type: 2}
      propertyPath: m_AnchorMin.x
      value: 0
      objectReference: {fileID: 0}
    - target: {fileID: 224380010872583108, guid: 94701979ed9a4344188240b035a36925,
        type: 2}
      propertyPath: m_AnchorMin.y
      value: 0
      objectReference: {fileID: 0}
    - target: {fileID: 224380010872583108, guid: 94701979ed9a4344188240b035a36925,
        type: 2}
      propertyPath: m_AnchorMax.x
      value: 0
      objectReference: {fileID: 0}
    - target: {fileID: 224380010872583108, guid: 94701979ed9a4344188240b035a36925,
        type: 2}
      propertyPath: m_AnchorMax.y
      value: 0
      objectReference: {fileID: 0}
    - target: {fileID: 224380010872583108, guid: 94701979ed9a4344188240b035a36925,
        type: 2}
      propertyPath: m_Pivot.x
      value: 0
      objectReference: {fileID: 0}
    - target: {fileID: 224380010872583108, guid: 94701979ed9a4344188240b035a36925,
        type: 2}
      propertyPath: m_Pivot.y
      value: 0
      objectReference: {fileID: 0}
    - target: {fileID: 114523036308802354, guid: 94701979ed9a4344188240b035a36925,
        type: 2}
      propertyPath: m_Text
      value: YOU DIED
      objectReference: {fileID: 0}
    - target: {fileID: 1971801124422894, guid: 94701979ed9a4344188240b035a36925, type: 2}
      propertyPath: m_IsActive
      value: 0
      objectReference: {fileID: 0}
    m_RemovedComponents: []
  m_ParentPrefab: {fileID: 100100000, guid: 94701979ed9a4344188240b035a36925, type: 2}
  m_IsPrefabParent: 0
--- !u!1 &652940422
GameObject:
  m_ObjectHideFlags: 0
  m_PrefabParentObject: {fileID: 1170734752192378, guid: 5ced55d334fab36479ef259d45ffb1b5,
    type: 2}
  m_PrefabInternal: {fileID: 0}
  serializedVersion: 5
  m_Component:
  - component: {fileID: 652940423}
  - component: {fileID: 652940426}
  - component: {fileID: 652940425}
  - component: {fileID: 652940424}
  m_Layer: 0
  m_Name: bgtest (3)
  m_TagString: Untagged
  m_Icon: {fileID: 0}
  m_NavMeshLayer: 0
  m_StaticEditorFlags: 0
  m_IsActive: 1
--- !u!4 &652940423
Transform:
  m_ObjectHideFlags: 0
  m_PrefabParentObject: {fileID: 4603328276933648, guid: 5ced55d334fab36479ef259d45ffb1b5,
    type: 2}
  m_PrefabInternal: {fileID: 0}
  m_GameObject: {fileID: 652940422}
  m_LocalRotation: {x: -0, y: -0, z: -0, w: 1}
  m_LocalPosition: {x: 0, y: 660, z: 0}
  m_LocalScale: {x: 1, y: 1, z: 1}
  m_Children: []
  m_Father: {fileID: 2082236345}
  m_RootOrder: 1
  m_LocalEulerAnglesHint: {x: 0, y: 0, z: 0}
--- !u!50 &652940424
Rigidbody2D:
  serializedVersion: 4
  m_ObjectHideFlags: 0
  m_PrefabParentObject: {fileID: 50162400646889856, guid: 5ced55d334fab36479ef259d45ffb1b5,
    type: 2}
  m_PrefabInternal: {fileID: 0}
  m_GameObject: {fileID: 652940422}
  m_BodyType: 0
  m_Simulated: 1
  m_UseFullKinematicContacts: 0
  m_UseAutoMass: 0
  m_Mass: 0.0001
  m_LinearDrag: 0
  m_AngularDrag: 0.05
  m_GravityScale: 0
  m_Material: {fileID: 0}
  m_Interpolate: 0
  m_SleepingMode: 1
  m_CollisionDetection: 0
  m_Constraints: 0
--- !u!114 &652940425
MonoBehaviour:
  m_ObjectHideFlags: 0
  m_PrefabParentObject: {fileID: 114375709967742290, guid: 5ced55d334fab36479ef259d45ffb1b5,
    type: 2}
  m_PrefabInternal: {fileID: 0}
  m_GameObject: {fileID: 652940422}
  m_Enabled: 1
  m_EditorHideFlags: 0
  m_Script: {fileID: 11500000, guid: 838aee11062d7a8459fe0710f4165af7, type: 3}
  m_Name: 
  m_EditorClassIdentifier: 
--- !u!212 &652940426
SpriteRenderer:
  m_ObjectHideFlags: 0
  m_PrefabParentObject: {fileID: 212519954028679452, guid: 5ced55d334fab36479ef259d45ffb1b5,
    type: 2}
  m_PrefabInternal: {fileID: 0}
  m_GameObject: {fileID: 652940422}
  m_Enabled: 1
  m_CastShadows: 0
  m_ReceiveShadows: 0
  m_DynamicOccludee: 1
  m_MotionVectors: 1
  m_LightProbeUsage: 1
  m_ReflectionProbeUsage: 1
  m_Materials:
  - {fileID: 10754, guid: 0000000000000000f000000000000000, type: 0}
  m_StaticBatchInfo:
    firstSubMesh: 0
    subMeshCount: 0
  m_StaticBatchRoot: {fileID: 0}
  m_ProbeAnchor: {fileID: 0}
  m_LightProbeVolumeOverride: {fileID: 0}
  m_ScaleInLightmap: 1
  m_PreserveUVs: 0
  m_IgnoreNormalsForChartDetection: 0
  m_ImportantGI: 0
  m_StitchLightmapSeams: 0
  m_SelectedEditorRenderState: 0
  m_MinimumChartSize: 4
  m_AutoUVMaxDistance: 0.5
  m_AutoUVMaxAngle: 89
  m_LightmapParameters: {fileID: 0}
  m_SortingLayerID: 0
  m_SortingLayer: 0
  m_SortingOrder: -1
  m_Sprite: {fileID: 21300000, guid: 9bfd01474f6f85c40bab69d28cfd6add, type: 3}
  m_Color: {r: 1, g: 1, b: 1, a: 1}
  m_FlipX: 0
  m_FlipY: 0
  m_DrawMode: 0
  m_Size: {x: 28.8, y: 18}
  m_AdaptiveModeThreshold: 0.5
  m_SpriteTileMode: 0
  m_WasSpriteAssigned: 1
  m_MaskInteraction: 0
--- !u!1001 &813507941
Prefab:
  m_ObjectHideFlags: 0
  serializedVersion: 2
  m_Modification:
    m_TransformParent: {fileID: 0}
    m_Modifications:
    - target: {fileID: 4006519700618714, guid: 1d79fb9d6b77fea49b15470218933074, type: 2}
      propertyPath: m_LocalPosition.x
      value: 0
      objectReference: {fileID: 0}
    - target: {fileID: 4006519700618714, guid: 1d79fb9d6b77fea49b15470218933074, type: 2}
      propertyPath: m_LocalPosition.y
      value: 0
      objectReference: {fileID: 0}
    - target: {fileID: 4006519700618714, guid: 1d79fb9d6b77fea49b15470218933074, type: 2}
      propertyPath: m_LocalPosition.z
      value: 0
      objectReference: {fileID: 0}
    - target: {fileID: 4006519700618714, guid: 1d79fb9d6b77fea49b15470218933074, type: 2}
      propertyPath: m_LocalRotation.x
      value: 0
      objectReference: {fileID: 0}
    - target: {fileID: 4006519700618714, guid: 1d79fb9d6b77fea49b15470218933074, type: 2}
      propertyPath: m_LocalRotation.y
      value: 0
      objectReference: {fileID: 0}
    - target: {fileID: 4006519700618714, guid: 1d79fb9d6b77fea49b15470218933074, type: 2}
      propertyPath: m_LocalRotation.z
      value: 0
      objectReference: {fileID: 0}
    - target: {fileID: 4006519700618714, guid: 1d79fb9d6b77fea49b15470218933074, type: 2}
      propertyPath: m_LocalRotation.w
      value: 1
      objectReference: {fileID: 0}
    - target: {fileID: 4006519700618714, guid: 1d79fb9d6b77fea49b15470218933074, type: 2}
      propertyPath: m_RootOrder
      value: 3
      objectReference: {fileID: 0}
    m_RemovedComponents: []
  m_ParentPrefab: {fileID: 100100000, guid: 1d79fb9d6b77fea49b15470218933074, type: 2}
  m_IsPrefabParent: 0
--- !u!1 &816586732
GameObject:
  m_ObjectHideFlags: 0
  m_PrefabParentObject: {fileID: 0}
  m_PrefabInternal: {fileID: 0}
  serializedVersion: 5
  m_Component:
  - component: {fileID: 816586736}
  - component: {fileID: 816586735}
  - component: {fileID: 816586734}
  - component: {fileID: 816586733}
  m_Layer: 0
  m_Name: Main Camera
  m_TagString: MainCamera
  m_Icon: {fileID: 0}
  m_NavMeshLayer: 0
  m_StaticEditorFlags: 0
  m_IsActive: 1
--- !u!81 &816586733
AudioListener:
  m_ObjectHideFlags: 0
  m_PrefabParentObject: {fileID: 0}
  m_PrefabInternal: {fileID: 0}
  m_GameObject: {fileID: 816586732}
  m_Enabled: 1
--- !u!124 &816586734
Behaviour:
  m_ObjectHideFlags: 0
  m_PrefabParentObject: {fileID: 0}
  m_PrefabInternal: {fileID: 0}
  m_GameObject: {fileID: 816586732}
  m_Enabled: 1
--- !u!20 &816586735
Camera:
  m_ObjectHideFlags: 0
  m_PrefabParentObject: {fileID: 0}
  m_PrefabInternal: {fileID: 0}
  m_GameObject: {fileID: 816586732}
  m_Enabled: 1
  serializedVersion: 2
  m_ClearFlags: 1
  m_BackGroundColor: {r: 0.45098042, g: 0.627451, b: 0.4039216, a: 1}
  m_NormalizedViewPortRect:
    serializedVersion: 2
    x: 0
    y: 0
    width: 1
    height: 1
  near clip plane: 0.3
  far clip plane: 1000
  field of view: 60
  orthographic: 1
  orthographic size: 540
  m_Depth: -1
  m_CullingMask:
    serializedVersion: 2
    m_Bits: 4294967295
  m_RenderingPath: -1
  m_TargetTexture: {fileID: 0}
  m_TargetDisplay: 0
  m_TargetEye: 3
  m_HDR: 1
  m_AllowMSAA: 1
  m_AllowDynamicResolution: 0
  m_ForceIntoRT: 0
  m_OcclusionCulling: 1
  m_StereoConvergence: 10
  m_StereoSeparation: 0.022
--- !u!4 &816586736
Transform:
  m_ObjectHideFlags: 0
  m_PrefabParentObject: {fileID: 0}
  m_PrefabInternal: {fileID: 0}
  m_GameObject: {fileID: 816586732}
  m_LocalRotation: {x: 0, y: 0, z: 0, w: 1}
  m_LocalPosition: {x: 0, y: 0, z: -10}
  m_LocalScale: {x: 1, y: 1, z: 1}
  m_Children: []
  m_Father: {fileID: 0}
  m_RootOrder: 1
  m_LocalEulerAnglesHint: {x: 0, y: 0, z: 0}
--- !u!1 &836275303 stripped
GameObject:
  m_PrefabParentObject: {fileID: 1097826398163920, guid: c2f5228f4d80a4d4f809e0c0e192cc0f,
    type: 2}
  m_PrefabInternal: {fileID: 1036065725}
--- !u!1001 &1036065725
Prefab:
  m_ObjectHideFlags: 0
  serializedVersion: 2
  m_Modification:
    m_TransformParent: {fileID: 0}
    m_Modifications:
    - target: {fileID: 4773134460537838, guid: c2f5228f4d80a4d4f809e0c0e192cc0f, type: 2}
      propertyPath: m_LocalPosition.x
      value: 0
      objectReference: {fileID: 0}
    - target: {fileID: 4773134460537838, guid: c2f5228f4d80a4d4f809e0c0e192cc0f, type: 2}
      propertyPath: m_LocalPosition.y
      value: -346
      objectReference: {fileID: 0}
    - target: {fileID: 4773134460537838, guid: c2f5228f4d80a4d4f809e0c0e192cc0f, type: 2}
      propertyPath: m_LocalPosition.z
      value: 0
      objectReference: {fileID: 0}
    - target: {fileID: 4773134460537838, guid: c2f5228f4d80a4d4f809e0c0e192cc0f, type: 2}
      propertyPath: m_LocalRotation.x
      value: -0
      objectReference: {fileID: 0}
    - target: {fileID: 4773134460537838, guid: c2f5228f4d80a4d4f809e0c0e192cc0f, type: 2}
      propertyPath: m_LocalRotation.y
      value: -0
      objectReference: {fileID: 0}
    - target: {fileID: 4773134460537838, guid: c2f5228f4d80a4d4f809e0c0e192cc0f, type: 2}
      propertyPath: m_LocalRotation.z
      value: -0
      objectReference: {fileID: 0}
    - target: {fileID: 4773134460537838, guid: c2f5228f4d80a4d4f809e0c0e192cc0f, type: 2}
      propertyPath: m_LocalRotation.w
      value: 1
      objectReference: {fileID: 0}
    - target: {fileID: 4773134460537838, guid: c2f5228f4d80a4d4f809e0c0e192cc0f, type: 2}
      propertyPath: m_RootOrder
      value: 4
      objectReference: {fileID: 0}
    m_RemovedComponents: []
  m_ParentPrefab: {fileID: 100100000, guid: c2f5228f4d80a4d4f809e0c0e192cc0f, type: 2}
  m_IsPrefabParent: 0
--- !u!1 &1156218083
GameObject:
  m_ObjectHideFlags: 0
  m_PrefabParentObject: {fileID: 1170734752192378, guid: 5ced55d334fab36479ef259d45ffb1b5,
    type: 2}
  m_PrefabInternal: {fileID: 0}
  serializedVersion: 5
  m_Component:
  - component: {fileID: 1156218084}
  - component: {fileID: 1156218087}
  - component: {fileID: 1156218086}
  - component: {fileID: 1156218085}
  m_Layer: 0
  m_Name: bgtest (1)
  m_TagString: Untagged
  m_Icon: {fileID: 0}
  m_NavMeshLayer: 0
  m_StaticEditorFlags: 0
  m_IsActive: 1
--- !u!4 &1156218084
Transform:
  m_ObjectHideFlags: 0
  m_PrefabParentObject: {fileID: 4603328276933648, guid: 5ced55d334fab36479ef259d45ffb1b5,
    type: 2}
  m_PrefabInternal: {fileID: 0}
  m_GameObject: {fileID: 1156218083}
  m_LocalRotation: {x: 0, y: 0, z: 0, w: 1}
  m_LocalPosition: {x: 0, y: -300, z: 0}
  m_LocalScale: {x: 1, y: 1, z: 1}
  m_Children: []
  m_Father: {fileID: 2082236345}
  m_RootOrder: 3
  m_LocalEulerAnglesHint: {x: 0, y: 0, z: 0}
--- !u!50 &1156218085
Rigidbody2D:
  serializedVersion: 4
  m_ObjectHideFlags: 0
  m_PrefabParentObject: {fileID: 50162400646889856, guid: 5ced55d334fab36479ef259d45ffb1b5,
    type: 2}
  m_PrefabInternal: {fileID: 0}
  m_GameObject: {fileID: 1156218083}
  m_BodyType: 0
  m_Simulated: 1
  m_UseFullKinematicContacts: 0
  m_UseAutoMass: 0
  m_Mass: 0.0001
  m_LinearDrag: 0
  m_AngularDrag: 0.05
  m_GravityScale: 0
  m_Material: {fileID: 0}
  m_Interpolate: 0
  m_SleepingMode: 1
  m_CollisionDetection: 0
  m_Constraints: 0
--- !u!114 &1156218086
MonoBehaviour:
  m_ObjectHideFlags: 0
  m_PrefabParentObject: {fileID: 114375709967742290, guid: 5ced55d334fab36479ef259d45ffb1b5,
    type: 2}
  m_PrefabInternal: {fileID: 0}
  m_GameObject: {fileID: 1156218083}
  m_Enabled: 1
  m_EditorHideFlags: 0
  m_Script: {fileID: 11500000, guid: 838aee11062d7a8459fe0710f4165af7, type: 3}
  m_Name: 
  m_EditorClassIdentifier: 
--- !u!212 &1156218087
SpriteRenderer:
  m_ObjectHideFlags: 0
  m_PrefabParentObject: {fileID: 212519954028679452, guid: 5ced55d334fab36479ef259d45ffb1b5,
    type: 2}
  m_PrefabInternal: {fileID: 0}
  m_GameObject: {fileID: 1156218083}
  m_Enabled: 1
  m_CastShadows: 0
  m_ReceiveShadows: 0
  m_DynamicOccludee: 1
  m_MotionVectors: 1
  m_LightProbeUsage: 1
  m_ReflectionProbeUsage: 1
  m_Materials:
  - {fileID: 10754, guid: 0000000000000000f000000000000000, type: 0}
  m_StaticBatchInfo:
    firstSubMesh: 0
    subMeshCount: 0
  m_StaticBatchRoot: {fileID: 0}
  m_ProbeAnchor: {fileID: 0}
  m_LightProbeVolumeOverride: {fileID: 0}
  m_ScaleInLightmap: 1
  m_PreserveUVs: 0
  m_IgnoreNormalsForChartDetection: 0
  m_ImportantGI: 0
  m_StitchLightmapSeams: 0
  m_SelectedEditorRenderState: 0
  m_MinimumChartSize: 4
  m_AutoUVMaxDistance: 0.5
  m_AutoUVMaxAngle: 89
  m_LightmapParameters: {fileID: 0}
  m_SortingLayerID: 0
  m_SortingLayer: 0
  m_SortingOrder: -1
  m_Sprite: {fileID: 21300000, guid: 9bfd01474f6f85c40bab69d28cfd6add, type: 3}
  m_Color: {r: 1, g: 1, b: 1, a: 1}
  m_FlipX: 0
  m_FlipY: 0
  m_DrawMode: 0
  m_Size: {x: 28.8, y: 18}
  m_AdaptiveModeThreshold: 0.5
  m_SpriteTileMode: 0
  m_WasSpriteAssigned: 1
  m_MaskInteraction: 0
--- !u!1 &1160983728
GameObject:
  m_ObjectHideFlags: 0
  m_PrefabParentObject: {fileID: 0}
  m_PrefabInternal: {fileID: 0}
  serializedVersion: 5
  m_Component:
  - component: {fileID: 1160983730}
  - component: {fileID: 1160983729}
  m_Layer: 0
  m_Name: Spawner
  m_TagString: Untagged
  m_Icon: {fileID: 0}
  m_NavMeshLayer: 0
  m_StaticEditorFlags: 0
  m_IsActive: 1
--- !u!114 &1160983729
MonoBehaviour:
  m_ObjectHideFlags: 0
  m_PrefabParentObject: {fileID: 0}
  m_PrefabInternal: {fileID: 0}
  m_GameObject: {fileID: 1160983728}
  m_Enabled: 1
  m_EditorHideFlags: 0
  m_Script: {fileID: 11500000, guid: f32621c69880a8449aea3e41e4a1bde9, type: 3}
  m_Name: 
  m_EditorClassIdentifier: 
  Enemy1: {fileID: 1664167133788266, guid: f4519d7095f0e894da39f8ff1307e115, type: 2}
  Enemy2: {fileID: 1073159350760226, guid: 843c2eeaf8da73546b75ab93769c7670, type: 2}
  Enemy3: {fileID: 1138408012497898, guid: db4ab9394d9cc694b894e5c05d358972, type: 2}
  Boss1: {fileID: 1622444740475536, guid: 38fb12009b5f25a4aa4054f3c5c8376e, type: 2}
  TripleShot: {fileID: 1649804187135452, guid: 036d3ab1149afe141a2e022488d7375e, type: 2}
  Beam: {fileID: 1244337128447734, guid: 65f72a3885805574d974876192d98d0b, type: 2}
  Followers: {fileID: 1948411998305082, guid: 907e47d53f865784892a0c148f40ca06, type: 2}
--- !u!4 &1160983730
Transform:
  m_ObjectHideFlags: 0
  m_PrefabParentObject: {fileID: 0}
  m_PrefabInternal: {fileID: 0}
  m_GameObject: {fileID: 1160983728}
  m_LocalRotation: {x: -0, y: -0, z: -0, w: 1}
  m_LocalPosition: {x: -155, y: 359, z: 0}
  m_LocalScale: {x: 1, y: 1, z: 1}
  m_Children: []
  m_Father: {fileID: 0}
  m_RootOrder: 2
  m_LocalEulerAnglesHint: {x: 0, y: 0, z: 0}
--- !u!1001 &1273483699
Prefab:
  m_ObjectHideFlags: 0
  serializedVersion: 2
  m_Modification:
    m_TransformParent: {fileID: 0}
    m_Modifications:
    - target: {fileID: 4632897623955652, guid: 907e47d53f865784892a0c148f40ca06, type: 2}
      propertyPath: m_LocalPosition.x
      value: 0
      objectReference: {fileID: 0}
    - target: {fileID: 4632897623955652, guid: 907e47d53f865784892a0c148f40ca06, type: 2}
      propertyPath: m_LocalPosition.y
      value: 4000
      objectReference: {fileID: 0}
    - target: {fileID: 4632897623955652, guid: 907e47d53f865784892a0c148f40ca06, type: 2}
      propertyPath: m_LocalPosition.z
      value: 0
      objectReference: {fileID: 0}
    - target: {fileID: 4632897623955652, guid: 907e47d53f865784892a0c148f40ca06, type: 2}
      propertyPath: m_LocalRotation.x
      value: 0
      objectReference: {fileID: 0}
    - target: {fileID: 4632897623955652, guid: 907e47d53f865784892a0c148f40ca06, type: 2}
      propertyPath: m_LocalRotation.y
      value: 0
      objectReference: {fileID: 0}
    - target: {fileID: 4632897623955652, guid: 907e47d53f865784892a0c148f40ca06, type: 2}
      propertyPath: m_LocalRotation.z
      value: 0
      objectReference: {fileID: 0}
    - target: {fileID: 4632897623955652, guid: 907e47d53f865784892a0c148f40ca06, type: 2}
      propertyPath: m_LocalRotation.w
      value: 1
      objectReference: {fileID: 0}
    - target: {fileID: 4632897623955652, guid: 907e47d53f865784892a0c148f40ca06, type: 2}
      propertyPath: m_RootOrder
      value: 6
      objectReference: {fileID: 0}
    - target: {fileID: 114563967020334150, guid: 907e47d53f865784892a0c148f40ca06,
        type: 2}
      propertyPath: followers
      value: 
      objectReference: {fileID: 836275303}
    m_RemovedComponents: []
  m_ParentPrefab: {fileID: 100100000, guid: 907e47d53f865784892a0c148f40ca06, type: 2}
  m_IsPrefabParent: 0
--- !u!1001 &1594675164
Prefab:
  m_ObjectHideFlags: 0
  serializedVersion: 2
  m_Modification:
    m_TransformParent: {fileID: 0}
    m_Modifications:
    - target: {fileID: 4143237505796440, guid: 799c9505a9066b441b62808be46b061b, type: 2}
      propertyPath: m_LocalPosition.x
      value: 0
      objectReference: {fileID: 0}
    - target: {fileID: 4143237505796440, guid: 799c9505a9066b441b62808be46b061b, type: 2}
      propertyPath: m_LocalPosition.y
      value: 0
      objectReference: {fileID: 0}
    - target: {fileID: 4143237505796440, guid: 799c9505a9066b441b62808be46b061b, type: 2}
      propertyPath: m_LocalPosition.z
      value: 0
      objectReference: {fileID: 0}
    - target: {fileID: 4143237505796440, guid: 799c9505a9066b441b62808be46b061b, type: 2}
      propertyPath: m_LocalRotation.x
      value: 0
      objectReference: {fileID: 0}
    - target: {fileID: 4143237505796440, guid: 799c9505a9066b441b62808be46b061b, type: 2}
      propertyPath: m_LocalRotation.y
      value: 0
      objectReference: {fileID: 0}
    - target: {fileID: 4143237505796440, guid: 799c9505a9066b441b62808be46b061b, type: 2}
      propertyPath: m_LocalRotation.z
      value: 0
      objectReference: {fileID: 0}
    - target: {fileID: 4143237505796440, guid: 799c9505a9066b441b62808be46b061b, type: 2}
      propertyPath: m_LocalRotation.w
      value: 1
      objectReference: {fileID: 0}
    - target: {fileID: 4143237505796440, guid: 799c9505a9066b441b62808be46b061b, type: 2}
      propertyPath: m_RootOrder
      value: 7
      objectReference: {fileID: 0}
    - target: {fileID: 114218373074106480, guid: 799c9505a9066b441b62808be46b061b,
        type: 2}
      propertyPath: speed
      value: 1000
      objectReference: {fileID: 0}
    m_RemovedComponents: []
  m_ParentPrefab: {fileID: 100100000, guid: 799c9505a9066b441b62808be46b061b, type: 2}
  m_IsPrefabParent: 0
--- !u!1 &1676557088
GameObject:
  m_ObjectHideFlags: 0
  m_PrefabParentObject: {fileID: 1170734752192378, guid: 5ced55d334fab36479ef259d45ffb1b5,
    type: 2}
  m_PrefabInternal: {fileID: 0}
  serializedVersion: 5
  m_Component:
  - component: {fileID: 1676557089}
  - component: {fileID: 1676557092}
  - component: {fileID: 1676557091}
  - component: {fileID: 1676557090}
  m_Layer: 0
  m_Name: bgtest (2)
  m_TagString: Untagged
  m_Icon: {fileID: 0}
  m_NavMeshLayer: 0
  m_StaticEditorFlags: 0
  m_IsActive: 1
--- !u!4 &1676557089
Transform:
  m_ObjectHideFlags: 0
  m_PrefabParentObject: {fileID: 4603328276933648, guid: 5ced55d334fab36479ef259d45ffb1b5,
    type: 2}
  m_PrefabInternal: {fileID: 0}
  m_GameObject: {fileID: 1676557088}
  m_LocalRotation: {x: -0, y: -0, z: -0, w: 1}
  m_LocalPosition: {x: 0, y: 180, z: 0}
  m_LocalScale: {x: 1, y: 1, z: 1}
  m_Children: []
  m_Father: {fileID: 2082236345}
  m_RootOrder: 2
  m_LocalEulerAnglesHint: {x: 0, y: 0, z: 0}
--- !u!50 &1676557090
Rigidbody2D:
  serializedVersion: 4
  m_ObjectHideFlags: 0
  m_PrefabParentObject: {fileID: 50162400646889856, guid: 5ced55d334fab36479ef259d45ffb1b5,
    type: 2}
  m_PrefabInternal: {fileID: 0}
  m_GameObject: {fileID: 1676557088}
  m_BodyType: 0
  m_Simulated: 1
  m_UseFullKinematicContacts: 0
  m_UseAutoMass: 0
  m_Mass: 0.0001
  m_LinearDrag: 0
  m_AngularDrag: 0.05
  m_GravityScale: 0
  m_Material: {fileID: 0}
  m_Interpolate: 0
  m_SleepingMode: 1
  m_CollisionDetection: 0
  m_Constraints: 0
--- !u!114 &1676557091
MonoBehaviour:
  m_ObjectHideFlags: 0
  m_PrefabParentObject: {fileID: 114375709967742290, guid: 5ced55d334fab36479ef259d45ffb1b5,
    type: 2}
  m_PrefabInternal: {fileID: 0}
  m_GameObject: {fileID: 1676557088}
  m_Enabled: 1
  m_EditorHideFlags: 0
  m_Script: {fileID: 11500000, guid: 838aee11062d7a8459fe0710f4165af7, type: 3}
  m_Name: 
  m_EditorClassIdentifier: 
--- !u!212 &1676557092
SpriteRenderer:
  m_ObjectHideFlags: 0
  m_PrefabParentObject: {fileID: 212519954028679452, guid: 5ced55d334fab36479ef259d45ffb1b5,
    type: 2}
  m_PrefabInternal: {fileID: 0}
  m_GameObject: {fileID: 1676557088}
  m_Enabled: 1
  m_CastShadows: 0
  m_ReceiveShadows: 0
  m_DynamicOccludee: 1
  m_MotionVectors: 1
  m_LightProbeUsage: 1
  m_ReflectionProbeUsage: 1
  m_Materials:
  - {fileID: 10754, guid: 0000000000000000f000000000000000, type: 0}
  m_StaticBatchInfo:
    firstSubMesh: 0
    subMeshCount: 0
  m_StaticBatchRoot: {fileID: 0}
  m_ProbeAnchor: {fileID: 0}
  m_LightProbeVolumeOverride: {fileID: 0}
  m_ScaleInLightmap: 1
  m_PreserveUVs: 0
  m_IgnoreNormalsForChartDetection: 0
  m_ImportantGI: 0
  m_StitchLightmapSeams: 0
  m_SelectedEditorRenderState: 0
  m_MinimumChartSize: 4
  m_AutoUVMaxDistance: 0.5
  m_AutoUVMaxAngle: 89
  m_LightmapParameters: {fileID: 0}
  m_SortingLayerID: 0
  m_SortingLayer: 0
  m_SortingOrder: -1
  m_Sprite: {fileID: 21300000, guid: 9bfd01474f6f85c40bab69d28cfd6add, type: 3}
  m_Color: {r: 1, g: 1, b: 1, a: 1}
  m_FlipX: 0
  m_FlipY: 0
  m_DrawMode: 0
  m_Size: {x: 28.8, y: 18}
  m_AdaptiveModeThreshold: 0.5
  m_SpriteTileMode: 0
  m_WasSpriteAssigned: 1
  m_MaskInteraction: 0
--- !u!1 &1777125651
GameObject:
  m_ObjectHideFlags: 0
  m_PrefabParentObject: {fileID: 1170734752192378, guid: 5ced55d334fab36479ef259d45ffb1b5,
    type: 2}
  m_PrefabInternal: {fileID: 0}
  serializedVersion: 5
  m_Component:
  - component: {fileID: 1777125652}
  - component: {fileID: 1777125655}
  - component: {fileID: 1777125654}
  - component: {fileID: 1777125653}
  m_Layer: 0
  m_Name: bgtest (4)
  m_TagString: Untagged
  m_Icon: {fileID: 0}
  m_NavMeshLayer: 0
  m_StaticEditorFlags: 0
  m_IsActive: 1
--- !u!4 &1777125652
Transform:
  m_ObjectHideFlags: 0
  m_PrefabParentObject: {fileID: 4603328276933648, guid: 5ced55d334fab36479ef259d45ffb1b5,
    type: 2}
  m_PrefabInternal: {fileID: 0}
  m_GameObject: {fileID: 1777125651}
  m_LocalRotation: {x: -0, y: -0, z: -0, w: 1}
  m_LocalPosition: {x: 0, y: 1140, z: 0}
  m_LocalScale: {x: 1, y: 1, z: 1}
  m_Children: []
  m_Father: {fileID: 2082236345}
  m_RootOrder: 0
  m_LocalEulerAnglesHint: {x: 0, y: 0, z: 0}
--- !u!50 &1777125653
Rigidbody2D:
  serializedVersion: 4
  m_ObjectHideFlags: 0
  m_PrefabParentObject: {fileID: 50162400646889856, guid: 5ced55d334fab36479ef259d45ffb1b5,
    type: 2}
  m_PrefabInternal: {fileID: 0}
  m_GameObject: {fileID: 1777125651}
  m_BodyType: 0
  m_Simulated: 1
  m_UseFullKinematicContacts: 0
  m_UseAutoMass: 0
  m_Mass: 0.0001
  m_LinearDrag: 0
  m_AngularDrag: 0.05
  m_GravityScale: 0
  m_Material: {fileID: 0}
  m_Interpolate: 0
  m_SleepingMode: 1
  m_CollisionDetection: 0
  m_Constraints: 0
--- !u!114 &1777125654
MonoBehaviour:
  m_ObjectHideFlags: 0
  m_PrefabParentObject: {fileID: 114375709967742290, guid: 5ced55d334fab36479ef259d45ffb1b5,
    type: 2}
  m_PrefabInternal: {fileID: 0}
  m_GameObject: {fileID: 1777125651}
  m_Enabled: 1
  m_EditorHideFlags: 0
  m_Script: {fileID: 11500000, guid: 838aee11062d7a8459fe0710f4165af7, type: 3}
  m_Name: 
  m_EditorClassIdentifier: 
--- !u!212 &1777125655
SpriteRenderer:
  m_ObjectHideFlags: 0
  m_PrefabParentObject: {fileID: 212519954028679452, guid: 5ced55d334fab36479ef259d45ffb1b5,
    type: 2}
  m_PrefabInternal: {fileID: 0}
  m_GameObject: {fileID: 1777125651}
  m_Enabled: 1
  m_CastShadows: 0
  m_ReceiveShadows: 0
  m_DynamicOccludee: 1
  m_MotionVectors: 1
  m_LightProbeUsage: 1
  m_ReflectionProbeUsage: 1
  m_Materials:
  - {fileID: 10754, guid: 0000000000000000f000000000000000, type: 0}
  m_StaticBatchInfo:
    firstSubMesh: 0
    subMeshCount: 0
  m_StaticBatchRoot: {fileID: 0}
  m_ProbeAnchor: {fileID: 0}
  m_LightProbeVolumeOverride: {fileID: 0}
  m_ScaleInLightmap: 1
  m_PreserveUVs: 0
  m_IgnoreNormalsForChartDetection: 0
  m_ImportantGI: 0
  m_StitchLightmapSeams: 0
  m_SelectedEditorRenderState: 0
  m_MinimumChartSize: 4
  m_AutoUVMaxDistance: 0.5
  m_AutoUVMaxAngle: 89
  m_LightmapParameters: {fileID: 0}
  m_SortingLayerID: 0
  m_SortingLayer: 0
  m_SortingOrder: -1
  m_Sprite: {fileID: 21300000, guid: 9bfd01474f6f85c40bab69d28cfd6add, type: 3}
  m_Color: {r: 1, g: 1, b: 1, a: 1}
  m_FlipX: 0
  m_FlipY: 0
  m_DrawMode: 0
  m_Size: {x: 28.8, y: 18}
  m_AdaptiveModeThreshold: 0.5
  m_SpriteTileMode: 0
  m_WasSpriteAssigned: 1
  m_MaskInteraction: 0
--- !u!1 &2082236344
GameObject:
  m_ObjectHideFlags: 0
  m_PrefabParentObject: {fileID: 1087516325734542, guid: 5ced55d334fab36479ef259d45ffb1b5,
    type: 2}
  m_PrefabInternal: {fileID: 0}
  serializedVersion: 5
  m_Component:
  - component: {fileID: 2082236345}
  m_Layer: 0
  m_Name: Background
  m_TagString: Untagged
  m_Icon: {fileID: 0}
  m_NavMeshLayer: 0
  m_StaticEditorFlags: 0
  m_IsActive: 1
--- !u!4 &2082236345
Transform:
  m_ObjectHideFlags: 0
  m_PrefabParentObject: {fileID: 4381173536776798, guid: 5ced55d334fab36479ef259d45ffb1b5,
    type: 2}
  m_PrefabInternal: {fileID: 0}
  m_GameObject: {fileID: 2082236344}
  m_LocalRotation: {x: 0, y: 0, z: 0, w: 1}
  m_LocalPosition: {x: 0, y: 0, z: 0}
  m_LocalScale: {x: 1, y: 1, z: 1}
  m_Children:
  - {fileID: 1777125652}
  - {fileID: 652940423}
  - {fileID: 1676557089}
  - {fileID: 1156218084}
  m_Father: {fileID: 0}
  m_RootOrder: 5
  m_LocalEulerAnglesHint: {x: 0, y: 0, z: 0}
