%YAML 1.1
%TAG !u! tag:unity3d.com,2011:
--- !u!29 &1
OcclusionCullingSettings:
  m_ObjectHideFlags: 0
  serializedVersion: 2
  m_OcclusionBakeSettings:
    smallestOccluder: 5
    smallestHole: 0.25
    backfaceThreshold: 100
  m_SceneGUID: 00000000000000000000000000000000
  m_OcclusionCullingData: {fileID: 0}
--- !u!104 &2
RenderSettings:
  m_ObjectHideFlags: 0
  serializedVersion: 8
  m_Fog: 0
  m_FogColor: {r: 0.5, g: 0.5, b: 0.5, a: 1}
  m_FogMode: 3
  m_FogDensity: 0.01
  m_LinearFogStart: 0
  m_LinearFogEnd: 300
  m_AmbientSkyColor: {r: 0.212, g: 0.227, b: 0.259, a: 1}
  m_AmbientEquatorColor: {r: 0.114, g: 0.125, b: 0.133, a: 1}
  m_AmbientGroundColor: {r: 0.047, g: 0.043, b: 0.035, a: 1}
  m_AmbientIntensity: 1
  m_AmbientMode: 3
  m_SubtractiveShadowColor: {r: 0.42, g: 0.478, b: 0.627, a: 1}
  m_SkyboxMaterial: {fileID: 0}
  m_HaloStrength: 0.5
  m_FlareStrength: 1
  m_FlareFadeSpeed: 3
  m_HaloTexture: {fileID: 0}
  m_SpotCookie: {fileID: 10001, guid: 0000000000000000e000000000000000, type: 0}
  m_DefaultReflectionMode: 0
  m_DefaultReflectionResolution: 128
  m_ReflectionBounces: 1
  m_ReflectionIntensity: 1
  m_CustomReflection: {fileID: 0}
  m_Sun: {fileID: 0}
  m_IndirectSpecularColor: {r: 0, g: 0, b: 0, a: 1}
--- !u!157 &3
LightmapSettings:
  m_ObjectHideFlags: 0
  serializedVersion: 11
  m_GIWorkflowMode: 1
  m_GISettings:
    serializedVersion: 2
    m_BounceScale: 1
    m_IndirectOutputScale: 1
    m_AlbedoBoost: 1
    m_TemporalCoherenceThreshold: 1
    m_EnvironmentLightingMode: 0
    m_EnableBakedLightmaps: 0
    m_EnableRealtimeLightmaps: 0
  m_LightmapEditorSettings:
    serializedVersion: 9
    m_Resolution: 2
    m_BakeResolution: 40
    m_TextureWidth: 1024
    m_TextureHeight: 1024
    m_AO: 0
    m_AOMaxDistance: 1
    m_CompAOExponent: 1
    m_CompAOExponentDirect: 0
    m_Padding: 2
    m_LightmapParameters: {fileID: 0}
    m_LightmapsBakeMode: 1
    m_TextureCompression: 1
    m_FinalGather: 0
    m_FinalGatherFiltering: 1
    m_FinalGatherRayCount: 256
    m_ReflectionCompression: 2
    m_MixedBakeMode: 2
    m_BakeBackend: 0
    m_PVRSampling: 1
    m_PVRDirectSampleCount: 32
    m_PVRSampleCount: 500
    m_PVRBounces: 2
    m_PVRFilterTypeDirect: 0
    m_PVRFilterTypeIndirect: 0
    m_PVRFilterTypeAO: 0
    m_PVRFilteringMode: 1
    m_PVRCulling: 1
    m_PVRFilteringGaussRadiusDirect: 1
    m_PVRFilteringGaussRadiusIndirect: 5
    m_PVRFilteringGaussRadiusAO: 2
    m_PVRFilteringAtrousPositionSigmaDirect: 0.5
    m_PVRFilteringAtrousPositionSigmaIndirect: 2
    m_PVRFilteringAtrousPositionSigmaAO: 1
    m_ShowResolutionOverlay: 1
  m_LightingDataAsset: {fileID: 0}
  m_UseShadowmask: 1
--- !u!196 &4
NavMeshSettings:
  serializedVersion: 2
  m_ObjectHideFlags: 0
  m_BuildSettings:
    serializedVersion: 2
    agentTypeID: 0
    agentRadius: 0.5
    agentHeight: 2
    agentSlope: 45
    agentClimb: 0.4
    ledgeDropHeight: 0
    maxJumpAcrossDistance: 0
    minRegionArea: 2
    manualCellSize: 0
    cellSize: 0.16666667
    manualTileSize: 0
    tileSize: 256
    accuratePlacement: 0
    debug:
      m_Flags: 0
  m_NavMeshData: {fileID: 0}
--- !u!1001 &162096394
Prefab:
  m_ObjectHideFlags: 0
  serializedVersion: 2
  m_Modification:
    m_TransformParent: {fileID: 0}
    m_Modifications:
    - target: {fileID: 4083358568825440, guid: f4519d7095f0e894da39f8ff1307e115, type: 2}
      propertyPath: m_LocalPosition.x
      value: -2.4006767
      objectReference: {fileID: 0}
    - target: {fileID: 4083358568825440, guid: f4519d7095f0e894da39f8ff1307e115, type: 2}
      propertyPath: m_LocalPosition.y
      value: 188.91505
      objectReference: {fileID: 0}
    - target: {fileID: 4083358568825440, guid: f4519d7095f0e894da39f8ff1307e115, type: 2}
      propertyPath: m_LocalPosition.z
      value: 0
      objectReference: {fileID: 0}
    - target: {fileID: 4083358568825440, guid: f4519d7095f0e894da39f8ff1307e115, type: 2}
      propertyPath: m_LocalRotation.x
      value: 0
      objectReference: {fileID: 0}
    - target: {fileID: 4083358568825440, guid: f4519d7095f0e894da39f8ff1307e115, type: 2}
      propertyPath: m_LocalRotation.y
      value: 0
      objectReference: {fileID: 0}
    - target: {fileID: 4083358568825440, guid: f4519d7095f0e894da39f8ff1307e115, type: 2}
      propertyPath: m_LocalRotation.z
      value: 0
      objectReference: {fileID: 0}
    - target: {fileID: 4083358568825440, guid: f4519d7095f0e894da39f8ff1307e115, type: 2}
      propertyPath: m_LocalRotation.w
      value: 1
      objectReference: {fileID: 0}
    - target: {fileID: 4083358568825440, guid: f4519d7095f0e894da39f8ff1307e115, type: 2}
      propertyPath: m_RootOrder
      value: 6
      objectReference: {fileID: 0}
    - target: {fileID: 50725477625943134, guid: f4519d7095f0e894da39f8ff1307e115,
        type: 2}
      propertyPath: m_Constraints
      value: 7
      objectReference: {fileID: 0}
    - target: {fileID: 114373662841457080, guid: f4519d7095f0e894da39f8ff1307e115,
        type: 2}
      propertyPath: fireRate
      value: 0.1
      objectReference: {fileID: 0}
    - target: {fileID: 1575698435810890, guid: f4519d7095f0e894da39f8ff1307e115, type: 2}
      propertyPath: m_IsActive
      value: 1
      objectReference: {fileID: 0}
    m_RemovedComponents:
    - {fileID: 114373662841457080, guid: f4519d7095f0e894da39f8ff1307e115, type: 2}
  m_ParentPrefab: {fileID: 100100000, guid: f4519d7095f0e894da39f8ff1307e115, type: 2}
  m_IsPrefabParent: 0
--- !u!1001 &350152089
Prefab:
  m_ObjectHideFlags: 0
  serializedVersion: 2
  m_Modification:
    m_TransformParent: {fileID: 0}
    m_Modifications:
    - target: {fileID: 4280361541847536, guid: 036d3ab1149afe141a2e022488d7375e, type: 2}
      propertyPath: m_LocalPosition.x
      value: -272
      objectReference: {fileID: 0}
    - target: {fileID: 4280361541847536, guid: 036d3ab1149afe141a2e022488d7375e, type: 2}
      propertyPath: m_LocalPosition.y
      value: 85
      objectReference: {fileID: 0}
    - target: {fileID: 4280361541847536, guid: 036d3ab1149afe141a2e022488d7375e, type: 2}
      propertyPath: m_LocalPosition.z
      value: 0
      objectReference: {fileID: 0}
    - target: {fileID: 4280361541847536, guid: 036d3ab1149afe141a2e022488d7375e, type: 2}
      propertyPath: m_LocalRotation.x
      value: 0
      objectReference: {fileID: 0}
    - target: {fileID: 4280361541847536, guid: 036d3ab1149afe141a2e022488d7375e, type: 2}
      propertyPath: m_LocalRotation.y
      value: 0
      objectReference: {fileID: 0}
    - target: {fileID: 4280361541847536, guid: 036d3ab1149afe141a2e022488d7375e, type: 2}
      propertyPath: m_LocalRotation.z
      value: 0
      objectReference: {fileID: 0}
    - target: {fileID: 4280361541847536, guid: 036d3ab1149afe141a2e022488d7375e, type: 2}
      propertyPath: m_LocalRotation.w
      value: 1
      objectReference: {fileID: 0}
    - target: {fileID: 4280361541847536, guid: 036d3ab1149afe141a2e022488d7375e, type: 2}
      propertyPath: m_RootOrder
      value: 2
      objectReference: {fileID: 0}
    m_RemovedComponents: []
  m_ParentPrefab: {fileID: 100100000, guid: 036d3ab1149afe141a2e022488d7375e, type: 2}
  m_IsPrefabParent: 0
--- !u!1 &627668148 stripped
GameObject:
  m_PrefabParentObject: {fileID: 1097826398163920, guid: c2f5228f4d80a4d4f809e0c0e192cc0f,
    type: 2}
  m_PrefabInternal: {fileID: 1090019105}
--- !u!1 &772296181
GameObject:
  m_ObjectHideFlags: 0
  m_PrefabParentObject: {fileID: 0}
  m_PrefabInternal: {fileID: 0}
  serializedVersion: 5
  m_Component:
  - component: {fileID: 772296185}
  - component: {fileID: 772296184}
  - component: {fileID: 772296183}
  - component: {fileID: 772296182}
  m_Layer: 0
  m_Name: Main Camera
  m_TagString: MainCamera
  m_Icon: {fileID: 0}
  m_NavMeshLayer: 0
  m_StaticEditorFlags: 0
  m_IsActive: 1
--- !u!81 &772296182
AudioListener:
  m_ObjectHideFlags: 0
  m_PrefabParentObject: {fileID: 0}
  m_PrefabInternal: {fileID: 0}
  m_GameObject: {fileID: 772296181}
  m_Enabled: 1
--- !u!124 &772296183
Behaviour:
  m_ObjectHideFlags: 0
  m_PrefabParentObject: {fileID: 0}
  m_PrefabInternal: {fileID: 0}
  m_GameObject: {fileID: 772296181}
  m_Enabled: 1
--- !u!20 &772296184
Camera:
  m_ObjectHideFlags: 0
  m_PrefabParentObject: {fileID: 0}
  m_PrefabInternal: {fileID: 0}
  m_GameObject: {fileID: 772296181}
  m_Enabled: 1
  serializedVersion: 2
  m_ClearFlags: 1
  m_BackGroundColor: {r: 0.6397059, g: 0.95527387, b: 1, a: 0}
  m_NormalizedViewPortRect:
    serializedVersion: 2
    x: 0
    y: 0
    width: 1
    height: 1
  near clip plane: 0.3
  far clip plane: 1000
  field of view: 60
  orthographic: 1
  orthographic size: 540
  m_Depth: -1
  m_CullingMask:
    serializedVersion: 2
    m_Bits: 4294967295
  m_RenderingPath: -1
  m_TargetTexture: {fileID: 0}
  m_TargetDisplay: 0
  m_TargetEye: 3
  m_HDR: 1
  m_AllowMSAA: 1
  m_AllowDynamicResolution: 0
  m_ForceIntoRT: 0
  m_OcclusionCulling: 1
  m_StereoConvergence: 10
  m_StereoSeparation: 0.022
--- !u!4 &772296185
Transform:
  m_ObjectHideFlags: 0
  m_PrefabParentObject: {fileID: 0}
  m_PrefabInternal: {fileID: 0}
  m_GameObject: {fileID: 772296181}
  m_LocalRotation: {x: 0, y: 0, z: 0, w: 1}
  m_LocalPosition: {x: 0, y: 0, z: -10}
  m_LocalScale: {x: 1, y: 1, z: 1}
  m_Children: []
  m_Father: {fileID: 0}
  m_RootOrder: 0
  m_LocalEulerAnglesHint: {x: 0, y: 0, z: 0}
--- !u!1001 &961381328
Prefab:
  m_ObjectHideFlags: 0
  serializedVersion: 2
  m_Modification:
    m_TransformParent: {fileID: 0}
    m_Modifications:
    - target: {fileID: 4632897623955652, guid: 907e47d53f865784892a0c148f40ca06, type: 2}
      propertyPath: m_LocalPosition.x
      value: -10
      objectReference: {fileID: 0}
    - target: {fileID: 4632897623955652, guid: 907e47d53f865784892a0c148f40ca06, type: 2}
      propertyPath: m_LocalPosition.y
      value: 80.1
      objectReference: {fileID: 0}
    - target: {fileID: 4632897623955652, guid: 907e47d53f865784892a0c148f40ca06, type: 2}
      propertyPath: m_LocalPosition.z
      value: 0
      objectReference: {fileID: 0}
    - target: {fileID: 4632897623955652, guid: 907e47d53f865784892a0c148f40ca06, type: 2}
      propertyPath: m_LocalRotation.x
      value: 0
      objectReference: {fileID: 0}
    - target: {fileID: 4632897623955652, guid: 907e47d53f865784892a0c148f40ca06, type: 2}
      propertyPath: m_LocalRotation.y
      value: 0
      objectReference: {fileID: 0}
    - target: {fileID: 4632897623955652, guid: 907e47d53f865784892a0c148f40ca06, type: 2}
      propertyPath: m_LocalRotation.z
      value: 0
      objectReference: {fileID: 0}
    - target: {fileID: 4632897623955652, guid: 907e47d53f865784892a0c148f40ca06, type: 2}
      propertyPath: m_LocalRotation.w
      value: 1
      objectReference: {fileID: 0}
    - target: {fileID: 4632897623955652, guid: 907e47d53f865784892a0c148f40ca06, type: 2}
      propertyPath: m_RootOrder
      value: 4
      objectReference: {fileID: 0}
    - target: {fileID: 114563967020334150, guid: 907e47d53f865784892a0c148f40ca06,
        type: 2}
      propertyPath: followers
      value: 
      objectReference: {fileID: 627668148}
    m_RemovedComponents: []
  m_ParentPrefab: {fileID: 100100000, guid: 907e47d53f865784892a0c148f40ca06, type: 2}
  m_IsPrefabParent: 0
--- !u!1001 &1090019105
Prefab:
  m_ObjectHideFlags: 0
  serializedVersion: 2
  m_Modification:
    m_TransformParent: {fileID: 0}
    m_Modifications:
    - target: {fileID: 4773134460537838, guid: c2f5228f4d80a4d4f809e0c0e192cc0f, type: 2}
      propertyPath: m_LocalPosition.x
      value: 0
      objectReference: {fileID: 0}
    - target: {fileID: 4773134460537838, guid: c2f5228f4d80a4d4f809e0c0e192cc0f, type: 2}
      propertyPath: m_LocalPosition.y
      value: 0
      objectReference: {fileID: 0}
    - target: {fileID: 4773134460537838, guid: c2f5228f4d80a4d4f809e0c0e192cc0f, type: 2}
      propertyPath: m_LocalPosition.z
      value: 0
      objectReference: {fileID: 0}
    - target: {fileID: 4773134460537838, guid: c2f5228f4d80a4d4f809e0c0e192cc0f, type: 2}
      propertyPath: m_LocalRotation.x
      value: -0
      objectReference: {fileID: 0}
    - target: {fileID: 4773134460537838, guid: c2f5228f4d80a4d4f809e0c0e192cc0f, type: 2}
      propertyPath: m_LocalRotation.y
      value: -0
      objectReference: {fileID: 0}
    - target: {fileID: 4773134460537838, guid: c2f5228f4d80a4d4f809e0c0e192cc0f, type: 2}
      propertyPath: m_LocalRotation.z
      value: -0
      objectReference: {fileID: 0}
    - target: {fileID: 4773134460537838, guid: c2f5228f4d80a4d4f809e0c0e192cc0f, type: 2}
      propertyPath: m_LocalRotation.w
      value: 1
      objectReference: {fileID: 0}
    - target: {fileID: 4773134460537838, guid: c2f5228f4d80a4d4f809e0c0e192cc0f, type: 2}
      propertyPath: m_RootOrder
      value: 1
      objectReference: {fileID: 0}
    - target: {fileID: 212383454782888188, guid: c2f5228f4d80a4d4f809e0c0e192cc0f,
        type: 2}
      propertyPath: m_Color.g
      value: 1
      objectReference: {fileID: 0}
    - target: {fileID: 212383454782888188, guid: c2f5228f4d80a4d4f809e0c0e192cc0f,
        type: 2}
      propertyPath: m_Color.b
      value: 1
      objectReference: {fileID: 0}
    - target: {fileID: 212383454782888188, guid: c2f5228f4d80a4d4f809e0c0e192cc0f,
        type: 2}
      propertyPath: m_Color.r
      value: 1
      objectReference: {fileID: 0}
    m_RemovedComponents: []
  m_ParentPrefab: {fileID: 100100000, guid: c2f5228f4d80a4d4f809e0c0e192cc0f, type: 2}
  m_IsPrefabParent: 0
--- !u!1 &1265680448 stripped
GameObject:
  m_PrefabParentObject: {fileID: 1982713782009328, guid: c2f5228f4d80a4d4f809e0c0e192cc0f,
    type: 2}
  m_PrefabInternal: {fileID: 1090019105}
--- !u!1 &1270288885 stripped
GameObject:
  m_PrefabParentObject: {fileID: 1575698435810890, guid: f4519d7095f0e894da39f8ff1307e115,
    type: 2}
  m_PrefabInternal: {fileID: 162096394}
--- !u!114 &1270288887
MonoBehaviour:
  m_ObjectHideFlags: 0
  m_PrefabParentObject: {fileID: 0}
  m_PrefabInternal: {fileID: 0}
  m_GameObject: {fileID: 1270288885}
  m_Enabled: 1
  m_EditorHideFlags: 0
  m_Script: {fileID: 11500000, guid: e9aef29d6df28124981a715bfad48a40, type: 3}
  m_Name: 
  m_EditorClassIdentifier: 
  EnemyBullet: {fileID: 1542083593980406, guid: 008847de626c9c94e86d85d861271deb,
    type: 2}
  player: {fileID: 1265680448}
  fireRate: 0.1
--- !u!1001 &1544603666
Prefab:
  m_ObjectHideFlags: 0
  serializedVersion: 2
  m_Modification:
    m_TransformParent: {fileID: 0}
    m_Modifications:
    - target: {fileID: 4159773417686218, guid: 65f72a3885805574d974876192d98d0b, type: 2}
      propertyPath: m_LocalPosition.x
      value: 256.4
      objectReference: {fileID: 0}
    - target: {fileID: 4159773417686218, guid: 65f72a3885805574d974876192d98d0b, type: 2}
      propertyPath: m_LocalPosition.y
      value: 80.1
      objectReference: {fileID: 0}
    - target: {fileID: 4159773417686218, guid: 65f72a3885805574d974876192d98d0b, type: 2}
      propertyPath: m_LocalPosition.z
      value: 0
      objectReference: {fileID: 0}
    - target: {fileID: 4159773417686218, guid: 65f72a3885805574d974876192d98d0b, type: 2}
      propertyPath: m_LocalRotation.x
      value: 0
      objectReference: {fileID: 0}
    - target: {fileID: 4159773417686218, guid: 65f72a3885805574d974876192d98d0b, type: 2}
      propertyPath: m_LocalRotation.y
      value: 0
      objectReference: {fileID: 0}
    - target: {fileID: 4159773417686218, guid: 65f72a3885805574d974876192d98d0b, type: 2}
      propertyPath: m_LocalRotation.z
      value: 0
      objectReference: {fileID: 0}
    - target: {fileID: 4159773417686218, guid: 65f72a3885805574d974876192d98d0b, type: 2}
      propertyPath: m_LocalRotation.w
      value: 1
      objectReference: {fileID: 0}
    - target: {fileID: 4159773417686218, guid: 65f72a3885805574d974876192d98d0b, type: 2}
      propertyPath: m_RootOrder
      value: 3
      objectReference: {fileID: 0}
    m_RemovedComponents: []
  m_ParentPrefab: {fileID: 100100000, guid: 65f72a3885805574d974876192d98d0b, type: 2}
  m_IsPrefabParent: 0
--- !u!1001 &1628622923
Prefab:
  m_ObjectHideFlags: 0
  serializedVersion: 2
  m_Modification:
    m_TransformParent: {fileID: 0}
    m_Modifications:
    - target: {fileID: 4381173536776798, guid: 5ced55d334fab36479ef259d45ffb1b5, type: 2}
      propertyPath: m_LocalPosition.x
      value: 0
      objectReference: {fileID: 0}
    - target: {fileID: 4381173536776798, guid: 5ced55d334fab36479ef259d45ffb1b5, type: 2}
      propertyPath: m_LocalPosition.y
      value: 0
      objectReference: {fileID: 0}
    - target: {fileID: 4381173536776798, guid: 5ced55d334fab36479ef259d45ffb1b5, type: 2}
      propertyPath: m_LocalPosition.z
      value: 0
      objectReference: {fileID: 0}
    - target: {fileID: 4381173536776798, guid: 5ced55d334fab36479ef259d45ffb1b5, type: 2}
      propertyPath: m_LocalRotation.x
      value: 0
      objectReference: {fileID: 0}
    - target: {fileID: 4381173536776798, guid: 5ced55d334fab36479ef259d45ffb1b5, type: 2}
      propertyPath: m_LocalRotation.y
      value: 0
      objectReference: {fileID: 0}
    - target: {fileID: 4381173536776798, guid: 5ced55d334fab36479ef259d45ffb1b5, type: 2}
      propertyPath: m_LocalRotation.z
      value: 0
      objectReference: {fileID: 0}
    - target: {fileID: 4381173536776798, guid: 5ced55d334fab36479ef259d45ffb1b5, type: 2}
      propertyPath: m_LocalRotation.w
      value: 1
      objectReference: {fileID: 0}
    - target: {fileID: 4381173536776798, guid: 5ced55d334fab36479ef259d45ffb1b5, type: 2}
      propertyPath: m_RootOrder
      value: 5
      objectReference: {fileID: 0}
    m_RemovedComponents: []
  m_ParentPrefab: {fileID: 100100000, guid: 5ced55d334fab36479ef259d45ffb1b5, type: 2}
  m_IsPrefabParent: 0
